@Article{APE,
  title = {A{PE}: analyses of phylogenetics and evolution in {R} language},
  author = {E. Paradis and J. Claude and K. Strimmer},
  journal = {Bioinformatics},
  year = {2004},
  volume = {20},
  pages = {289-290},
}

@article{bouckaert2014beast,
  title={BEAST 2: a software platform for Bayesian evolutionary analysis},
  author={Bouckaert, Remco and Heled, Joseph and K{\"u}hnert, Denise and Vaughan, Tim and Wu, Chieh-Hsi and Xie, Dong and Suchard, Marc A and Rambaut, Andrew and Drummond, Alexei J},
  journal={PLoS Comput Biol},
  volume={10},
  number={4},
  pages={e1003537},
  year={2014}
}

@article{cantor1969mammalian,
  title={Mammalian protein metabolism},
  author={Cantor, Jukes and Jukes, T},
  journal={Evolution of protein molecules. Academic Press, New York, NY},
  pages={21--132},
  year={1969}
}

@Manual{covr,
  title = {covr: Test Coverage for Packages},
  author = {Hester, Jim and Ligtenberg, Willem},
  year = {2016},
  note = {R package version 2.1.0.9000},
  url = {http://CRAN.R-project.org/package=covr},
}

@Manual{devtools,
  title = {devtools: Tools to Make Developing R Packages Easier},
  author = {Wickham, Hadley and Chang, Winston},
  year = {2016},
  note = {R package version 1.12.0.9000},
  url = {http://CRAN.R-project.org/package=devtools},
}

@book{drummond2015bayesian,
  title={Bayesian evolutionary analysis with BEAST},
  author={Drummond, Alexei J and Bouckaert, Remco R},
  year={2015},
  publisher={Cambridge University Press}
}

@article{etienne2011diversity,
  title={Diversity-dependence brings molecular phylogenies closer to agreement with the fossil record},
  author={Etienne, Rampal S and Haegeman, Bart and Stadler, Tanja and Aze, Tracy and Pearson, Paul N and Purvis, Andy and Phillimore, Albert B},
  journal={Proceedings of the Royal Society of London B: Biological Sciences},
  pages={rspb20111439},
  year={2011},
  publisher={The Royal Society}
}

@article{etienne2012prolonging,
  title={Prolonging the past counteracts the pull of the present: protracted speciation can explain observed slowdowns in diversification},
  author={Etienne, Rampal S and Rosindell, James},
  journal={Systematic Biology},
  volume={61},
  number={2},
  pages={204--213},
  year={2012},
  publisher={Oxford University Press}
}

@article{etienne2014estimating,
  title={Estimating the duration of speciation from phylogenies},
  author={Etienne, Rampal S and Morlon, H{\'e}l{\`e}ne and Lambert, Amaury},
  journal={Evolution},
  volume={68},
  number={8},
  pages={2430--2440},
  year={2014},
  publisher={Wiley Online Library}
}

@article{fennessy2016multi,
  title={Multi-locus Analyses Reveal Four Giraffe Species Instead of One},
  author={Fennessy, Julian and Bidon, Tobias and Reuss, Friederike and Kumar, Vikas and Elkan, Paul and Nilsson, Maria A and Vamberger, Melita and Fritz, Uwe and Janke, Axel},
  journal={Current Biology},
  year={2016},
  publisher={Elsevier}
}

@article{fitzjohn2009estimating,
  title={Estimating trait-dependent speciation and extinction rates from incompletely resolved phylogenies},
  author={FitzJohn, Richard G and Maddison, Wayne P and Otto, Sarah P},
  journal={Systematic biology},
  volume={58},
  number={6},
  pages={595--611},
  year={2009},
  publisher={Oxford University Press}
}

@article{funk2003species,
  title={Species-level paraphyly and polyphyly: frequency, causes, and consequences, with insights from animal mitochondrial DNA},
  author={Funk, Daniel J and Omland, Kevin E},
  journal={Annual Review of Ecology, Evolution, and Systematics},
  volume={34},
  number={1},
  pages={397--423},
  year={2003},
  publisher={Annual Reviews 4139 El Camino Way, PO Box 10139, Palo Alto, CA 94303-0139, USA}
}

@Article{GEIGER,
  title = {GEIGER: investigating evolutionary radiations},
  author = {LJ Harmon and JT Weir and CD Brock and RE Glor and W Challenger},
  journal = {Bioinformatics},
  year = {2008},
  volume = {24},
  pages = {129-131},
}

@Book{ggplot2,
  author = {Hadley Wickham},
  title = {ggplot2: elegant graphics for data analysis},
  publisher = {Springer New York},
  year = {2009},
  isbn = {978-0-387-98140-6},
  url = {http://had.co.nz/ggplot2/book},
}

@Manual{github,
  title = {GitHub},
  url = {https://github.com/},
}

@Manual{goodpractice,
  title = {goodpractice: Advice on R Package Building},
  author = {Csardi, Gabor},
  year = {2016},
  note = {R package version 1.0.0},
  url = {https://github.com/MangoTheCat/goodpractice},
}

@article{heled2010bayesian,
  title={Bayesian inference of species trees from multilocus data},
  author={Heled, Joseph and Drummond, Alexei J},
  journal={Molecular biology and evolution},
  volume={27},
  number={3},
  pages={570--580},
  year={2010},
  publisher={SMBE}
}

@article{janzen2015approximate,
  title={Approximate Bayesian computation of diversification rates from molecular phylogenies: introducing a new efficient summary statistic, the nLTT},
  author={Janzen, Thijs and H{\"o}hna, Sebastian and Etienne, Rampal S},
  journal={Methods in Ecology and Evolution},
  volume={6},
  number={5},
  pages={566--575},
  year={2015},
  publisher={Wiley Online Library}
}

@article{kendall1948generalized,
  title={On the generalized" birth-and-death" process},
  author={Kendall, David G},
  journal={The annals of mathematical statistics},
  pages={1--15},
  year={1948},
  publisher={JSTOR}
}

@Manual{lintr,
  title = {lintr: Static R Code Analysis},
  author = {Hester, Jim},
  year = {2016},
  note = {R package version 1.0.0},
  url = {http://CRAN.R-project.org/package=lintr},
}

@article{nee1994reconstructed,
  title={The reconstructed evolutionary process},
  author={Nee, Sean and May, Robert M and Harvey, Paul H},
  journal={Philosophical Transactions of the Royal Society B: Biological Sciences},
  volume={344},
  number={1309},
  pages={305--311},
  year={1994},
  publisher={The Royal Society}
}

@Manual{nLTT,
  title = {nLTT: Calculate the NLTT Statistic},
  author = {Thijs Janzen},
  year = {2015},
  note = {R package version 1.1},
  url = {http://CRAN.R-project.org/package=nLTT},
}

@article{pagel1999inferring,
  title={Inferring the historical patterns of biological evolution},
  author={Pagel, Mark},
  journal={Nature},
  volume={401},
  number={6756},
  pages={877},
  year={1999},
  publisher={Nature Publishing Group}
}


@article{pagel2007bayesphylogenies,
  title={BayesPhylogenies 1.0},
  author={Pagel, M and Meade, A},
  journal={Software distributed by the authors},
  year={2007}
}

@Manual{PBD,
  title = {PBD: Protracted Birth-Death Model of Diversification},
  author = {Rampal S. Etienne},
  year = {2015},
  note = {R package version 1.1},
}

@Article{phangorn,
  title = {phangorn: phylogenetic analysis in R},
  author = {K.P. Schliep},
  journal = {Bioinformatics},
  year = {2011},
  volume = {27},
  number = {4},
  pages = {592--593},
}

@Article{phytools,
  title = {phytools: An R package for phylogenetic comparative
    biology (and other things).},
  author = {Liam J. Revell},
  journal = {Methods in Ecology and Evolution},
  year = {2012},
  volume = {3},
  pages = {217-223},
}

@article{pigot2010shape,
  title={The shape and temporal dynamics of phylogenetic trees arising from geographic speciation},
  author={Pigot, Alex L and Phillimore, Albert B and Owens, Ian PF and Orme, C David L},
  journal={Systematic biology},
  volume={59},
  number={6},
  pages={660--673},
  year={2010},
  publisher={Oxford University Press}
}

@Manual{R,
  title = {R: A Language and Environment for Statistical Computing},
  author = {{R Core Team}},
  organization = {R Foundation for Statistical Computing},
  address = {Vienna, Austria},
  year = {2013},
  url = {http://www.R-project.org/},
}

@article{rabosky2008explosive,
  title={Explosive evolutionary radiations: decreasing speciation or increasing extinction through time?},
  author={Rabosky, Daniel L and Lovette, Irby J},
  journal={Evolution},
  volume={62},
  number={8},
  pages={1866--1875},
  year={2008},
  publisher={Wiley Online Library}
}

@Manual{RBeast,
  title = {RBeast: Create BEAST and BEAST2 input files and parse their output},
  author = {N Faria and MA Suchard},
  url = {https://github.com/beast-dev/RBeast},
}

@article{rosindell2010protracted,
  title={Protracted speciation revitalizes the neutral theory of biodiversity},
  author={Rosindell, James and Cornell, Stephen J and Hubbell, Stephen P and Etienne, Rampal S},
  journal={Ecology Letters},
  volume={13},
  number={6},
  pages={716--727},
  year={2010},
  publisher={Wiley Online Library}
}

@article{suchard2006bali,
  title={BAli-Phy: simultaneous Bayesian inference of alignment and phylogeny},
  author={Suchard, Marc A and Redelings, Benjamin D},
  journal={Bioinformatics},
  volume={22},
  number={16},
  pages={2047--2048},
  year={2006},
  publisher={Oxford University Press}
}

@Manual{testit,
  title = {testit: A Simple Package for Testing R Packages},
  author = {Yihui Xie},
  year = {2014},
  note = {R package version 0.4},
  url = {http://CRAN.R-project.org/package=testit},
}

@Article{testthat,
    author = {Hadley Wickham},
    title = {testthat: Get Started with Testing},
    journal = {The R Journal},
    year = {2011},
    volume = {3},
    pages = {5--10},
    url = {http://journal.r-project.org/archive/2011-1/RJournal_2011-1_Wickham.pdf},
  }

@Manual{travis,
  title = {Travis CI},
  url = {https://travis-ci.org/},
}

@Manual{wiritttea,
  title = {WIRITTTEA: what if reproductive isolation takes time to establish? Analysis},
  author = {RJC Bilderbeek},
  url = {https://github.com/richelbilderbeek/wiritttea},
}

@Manual{wirittte_article,
  title = {WIRITTTE data},
  author = {RJC Bilderbeek},
  url = {https://github.com/richelbilderbeek/wirittte_article},
}

@Manual{wirittte_data,
  title = {WIRITTTE data},
  author = {RJC Bilderbeek},
  url = {https://github.com/richelbilderbeek/wirittte_data},
}

@Manual{wiritttes,
  title = {WIRITTTES: what if reproductive isolation takes time to establish? Simulations},
  author = {RJC Bilderbeek},
  url = {https://github.com/richelbilderbeek/wiritttes},
}

@article{yule1925mathematical,
  title={A mathematical theory of evolution, based on the conclusions of Dr. JC Willis, FRS},
  author={Yule, G Udny},
  journal={Philosophical transactions of the Royal Society of London. Series B, containing papers of a biological character},
  volume={213},
  pages={21--87},
  year={1925},
  publisher={JSTOR}
}

































	













@Article{rpackage1,
  title = {Nine exceptional radiations plus high turnover explain species diversity in jawed vertebrates},
  author = {ME Alfaro and F Santini and C Brock and H Alamillo and A Dornburg and DL Rabosky and G Carnevale and LJ Harmon},
  journal = {Proceedings of the National Academy of Sciences of the United States of America},
  year = {2009},
  volume = {106},
  pages = {13410-13414},
}

@Article{rpackage2,
  title = {A novel comparative method for identifying shifts in the rate of character evolution on trees},
  author = {JM Eastman and ME Alfaro and P Joyce and AL Hipp and LJ Harmon},
  journal = {Evolution},
  year = {2011},
  volume = {65},
  pages = {3578-3589},
}

@Article{rpackage3,
  title = {Fitting models of continuous trait evolution to incompletely sampled comparative data using approximate Bayesian computation},
  author = {GJ Slater and LJ Harmon and D Wegmann and P Joyce and LJ Revell and ME Alfaro},
  journal = {Evolution},
  year = {2012},
  volume = {66},
  pages = {752-762},
}

@article{rabosky2008explosive,
  title={Explosive evolutionary radiations: decreasing speciation or increasing extinction through time?},
  author={Rabosky, Daniel L and Lovette, Irby J},
  journal={Evolution},
  volume={62},
  number={8},
  pages={1866--1875},
  year={2008},
  publisher={Wiley Online Library}
}


@article{gorgolewski2016practical,
  title={A practical guide for improving transparency and reproducibility in neuroimaging research},
  author={Gorgolewski, Krzysztof J and Poldrack, Russell},
  journal={bioRxiv},
  pages={039354},
  year={2016},
  publisher={Cold Spring Harbor Labs Journals}
}

@article{perez2016ten,
  title={Ten Simple Rules for Taking Advantage of git and GitHub},
  author={Perez-Riverol, Yasset and Gatto, Laurent and Wang, Rui and Sachsenberg, Timo and Uszkoreit, Julian and Leprevost, Felipe and Fufezan, Christian and Ternent, Tobias and Eglen, Stephen J and Katz, Daniel SS and others},
  journal={bioRxiv},
  pages={048744},
  year={2016},
  publisher={Cold Spring Harbor Labs Journals}
}







@inproceedings{del1995correlation,
  title={On the correlation between code coverage and software reliability},
  author={Del Frate, Fabio and Garg, Praerit and Mathur, Aditya P and Pasquini, Alberto},
  booktitle={Software Reliability Engineering, 1995. Proceedings., Sixth International Symposium on},
  pages={124--132},
  year={1995},
  organization={IEEE}
}

@book{avise2000phylogeography,
  title={Phylogeography: the history and formation of species},
  author={Avise, John C},
  year={2000},
  publisher={Harvard university press}
}


@article{schluter2001ecology,
  title={Ecology and the origin of species},
  author={Schluter, Dolph},
  journal={Trends in ecology \& evolution},
  volume={16},
  number={7},
  pages={372--380},
  year={2001},
  publisher={Elsevier}
}

